2062 3510
178 186 388 278 uocrfs
432 221 680 299 sucurs
746 227 798 310 91

57 355 156 400 ¹marn
174 327 342 400 delliuallet
358 327 675 497 sactificffiiaculari
689 339 723 404 &
738 332 802 406 hoe

65 433 215 512 co'e'mto,
239 426 392 498 residuum
407 429 471 525 aliq
557 427 726 515 mansrllet,
751 435 801 502 ci·

65 523 133 594 stae
147 525 272 594 ouavae
287 521 427 595 indebat.
474 523 577 596 Nona
597 526 802 623 capiebatrt-
899 602 907 607 ,
941 587 957 616 ,

63 619 192 692 fiduum
217 618 356 694 sacrificii
381 647 439 716 pro
461 623 588 713 delion.
638 623 802 708 Decima,

61 721 169 790 avium
195 743 254 812 pro
279 717 419 789 maribus
438 717 656 819 seminifluis,
689 717 805 790 faemi-

66 819 116 887 nis
130 813 367 913 sanguinifluis‚
392 823 427 886 &
444 819 606 912 puerperis
618 817 805 890 oblatarum.

71 913 276 999 Undecima,
289 910 493 983 oblationum
510 911 669 985 Naziraei.
706 917 806 984 Duo·

65 1014 190 1082 decima
211 1008 336 1104 leprofi.
388 1012 527 1079 Decima
541 1015 628 1080 tertia
647 1009 805 1082 tesrduum

64 1108 267 1180 oblationum
284 1108 530 1198 voluntariarum
544 1109 729 1204 generatim.
755 1110 808 1196 En

65 1208 199 1302 pecunia
215 1196 393 1276 ultimarum
412 1202 631 1276 6holocaulla
651 1204 804 1300 paraban-

66 1327 126 1376 tur.
153 1303 332 1390 Schclaalim.
347 1328 401 1374 rr.
426 1320 456 1388 5.
481 1309 569 1372 Gem.
584 1305 802 1399 Joma.55.2.

117 1403 172 1470 XI
184 1406 234 1470 11.
256 1403 329 1470 Hae
345 1423 450 1489 autem
466 1425 535 1471 non
547 1399 804 1471 videnturinuna
822 1408 853 1480 3.
869 1411 952 1469 xm,

66 1499 148 1574 serie
174 1501 217 1567 ita
240 1493 409 1592 disposttae
422 1494 514 1569 soille
547 1499 595 1568 uti
617 1501 651 1568 in
675 1498 802 1571 Codice
812 1491 879 1573 (1¹¹⁰,
888 1487 960 1618 ordi-

67 1593 218 1668 Milnico
241 1595 338 1665 modo
354 1594 476 1666 laudato
493 1593 719 1682 recensentur;
751 1563 945 1700 setl'gn‘gl‘>

66 1696 119 1768 vel
136 1693 333 1777 incircuitu,
357 1716 392 1762 ut
406 1689 596 1764 ultimacilla
604 1692 806 1764 oblationum

68 1815 215 1862 rotarum
231 1798 264 1861 &
280 1792 380 1885 prima
395 1792 552 1860 Siclorum
568 1789 626 1861 srbi
643 1797 806 1883 proximae

67 1891 205 1974 fuerint,
230 1889 285 1958 vel
300 1890 343 1958 ita
355 1909 392 1957 ut
404 1886 656 1980 setieainceperit
671 1894 710 1956 ab
723 1886 816 1958 ciliis·

69 1985 118 2057 sex
131 1986 332 2056 oblationum
349 2008 511 2069 rotatum,
536 1996 662 2068 iffi),
688 1993 721 2054 &
732 1985 807 2054 dein

71 2085 241 2179 contiguae
267 2083 305 2153 iis
328 2083 421 2153 cillae
446 2080 592 2153 siclorum
609 2079 747 2168 fuerint,
772 2089 808 2152 δι

69 2178 140 2263 his,
165 2204 338 2266 turturum,
372 2178 611 2260 columbarum,
637 2179 738 2275 ligni,
763 2203 811 2252 at-

72 2304 137 2378 que
154 2280 196 2347 ita
219 2303 338 2373 porro:
365 2279 439 2371 quia
456 2276 529 2347 ibid.
545 2293 571 2357 §-
592 2303 623 2364 7.
641 2277 811 2372 disputatur

69 2379 110 2447 de
127 2379 261 2470 pecunia
283 2378 366 2455 inter
390 2374 496 2444 cillam
522 2373 695 2444 oblationis
716 2400 810 2446 votae

70 2483 104 2544 δι
125 2471 299 2559 siclorum,
329 2469 368 2541 ad
393 2498 487 2567 quarn
503 2473 673 2564 pertineat,
707 2471 756 2541 uti
770 2471 811 2539 de

70 2573 206 2668 pecunia
228 2573 309 2642 inter
335 2568 442 2639 cillam
473 2569 556 2665 ligni
581 2572 615 2636 δι
638 2561 738 2637 thuris
757 2592 809 2636 re·

92 2691 170 2740 etta.

71 2697 91 2766 P
120 2769 235 2837 XIV.
259 2764 398 2838 Videtur
421 2764 514 2834 etiam
541 2758 806 2856 inaliquolatere
831 2763 953 2836 §.mh

66 2868 136 2936 atrii
161 2866 331 2936 mulierum
367 2856 587 2930 collocandum
623 2839 979 2974 Γοιζαφυλαί-ξὲῗηοηξῇἵει

70 2998 158 3056 ator,
190 2962 209 3034 “e
223 2970 313 3054 cujus
332 2961 464 3057 regione
481 2952 624 3028 Christus
640 2957 807 3067 sedisse-le-
820 2992 877 3052 usur
894 3010 975 3069 μω,

725 3073 811 3153 gttut
