2084 3518
198 230 406 308 'rocrs
452 244 666 306 sncnrs.
764 247 816 334 37
938 261 940 264 ·

134 358 207 429 IX.
239 354 402 428 Ardebant
434 355 540 453 lychni
574 358 691 452 septem
724 351 984 446 hujusannun.

83 449 249 549 lychnuchi
267 467 369 534 'vnn
393 453 513 549 semper
527 453 791 526 coramfacieDei
803 454 962 541 ‚lychnuchi

85 549 199 642 idest,
223 550 356 648 singulis
376 550 542 638 norribus,
567 579 588 621 a
600 553 718 648 vespera
732 533 976 646 usqre¹¹⁰st⁰¹¹¹⁸¹⁸⁹

84 647 127 716 ad
140 675 226 720 mane
243 661 352 758 'erss
366 662 420 740 ‘ui
442 661 549 738 2590
574 648 673 718 Erod.
697 671 814 732 27:21.

83 748 183 814 Levit.
203 772 261 841 24:
281 776 310 837 3.
325 770 420 842 quare
437 745 685 815 accendebantur
708 756 813 834 πηγῇ

84 842 220 912 achron.
244 865 292 937 13:
316 867 369 916 rr.
387 863 440 911 aut
459 855 623 931 &aava
646 845 723 909 inter
738 841 815 911 duas
963 880 966 885 ·

78 941 232 1040 vesperas,
257 940 357 1010 Exod.
376 962 434 1036 30:
456 941 487 1010 8.
504 937 657 1010 sedmane
672 935 816 1008 sacerdo·

76 1055 145 1106 tum
160 1058 280 1109 munus
295 1061 361 1107 non
379 1056 444 1108 erat
456 1047 572 1119 ΜΠ
588 1047 647 1116 ΠΝ
662 1009 810 1125 mirri&
949 1104 954 1115 .

74 1132 245 1205 accendere
253 1132 410 1220 lucernas,
430 1132 483 1226 (id
492 1155 677 1207 eratrnunus
685 1133 811 1229 resper-

75 1231 203 1315 tinum)
229 1229 281 1301 sed
304 1206 444 1314 mini
468 1238 662 1315 concinnare,
692 1231 725 1301 id
743 1227 808 1317 est,

72 1323 177 1398 sordes
203 1329 313 1400 tollere
345 1337 408 1402 διο.
432 1329 559 1426 quando
581 1324 811 1423 extingueban-

72 1444 124 1495 tur
142 1422 262 1518 lyc'hni.
290 1429 393 1497 iSam.
412 1452 443 1523 3:
462 1454 492 1524 3.
511 1430 566 1526 qui
580 1425 645 1496 duo
659 1424 743 1494 abins
757 1423 810 1496 di·

52 1530 56 1537 '
72 1517 184 1590 stinffi
199 1519 338 1616 respestu
351 1527 500 1619 temporis
514 1527 609 1594 etiarn
622 1520 810 1593 nominibus

77 1613 131 1685 his
143 1612 374 1714 distinguuntur
387 1622 487 1693 Exod.
502 1641 555 1715 30:
568 1645 600 1708 7.
619 1625 654 1689 &
671 1619 703 1687 8.
716 1616 808 1714 quod

75 1709 148 1783 fieri
164 1712 302 1789 debuisse
310 1742 377 1791 non
393 1718 530 1806 videtur,
556 1714 708 1814 srquidem
720 1714 808 1793 idem

69 1808 486 1908 fuiffetvesperrinumidenr
495 1815 705 1898 matutinum,
720 1810 809 1907 lych·
933 1816 937 1823 '

72 1931 132 1978 nos
156 1905 272 1980 scilicet
292 1911 502 1996 accendendi,
527 1906 681 1981 officium.
705 1904 809 1996 Quod

72 2002 94 2074 sa
120 2002 220 2079 stante
244 2006 390 2101 Templo
414 2003 552 2077 secundo
576 2003 687 2099 Judaei
711 2004 808 2074 etiam

71 2099 210 2174 interdiu
234 2099 366 2198 lychnos
389 2099 447 2172 hos
463 2101 525 2176 five
539 2125 650 2175 omnes
668 2098 730 2172 srve
747 2099 807 2172 ali-

70 2223 152 2296 quos
167 2202 273 2273 rucere
292 2201 468 2288 voluerint,
493 2220 527 2272 nt
541 2203 625 2297 ignis
638 2197 711 2272 effer
723 2197 804 2273 αἰθοί-
871 2227 873 2230 ⁴

73 2325 163 2370 aanor
197 2300 232 2368 in
258 2299 404 2395 Templo
432 2305 519 2398 (quo
544 2298 684 2370 Diodori
706 2297 804 2370 Siculi

71 2402 108 2464 &
132 2393 261 2491 Josephi
284 2395 462 2468 testimonia
485 2421 544 2466 nos
561 2395 673 2474 ducere
690 2392 805 2464 viden·

70 2495 146 2575 tur)
178 2514 244 2559 non
267 2511 371 2582 tamen
390 2495 441 2564 vel
463 2490 572 2578 juffisse
590 2491 652 2562 hoc
668 2491 805 2578 Deum,

69 2588 123 2660 vel
152 2587 186 2656 in
211 2585 433 2661 Tabernaculo
455 2588 541 2678 hunc
557 2611 680 2658 morem
695 2583 804 2659 obser·
865 2595 870 2607 ’

69 2709 179 2758 rarum
198 2681 289 2754 fuisse
310 2685 502 2759 arbitramur.
536 2683 621 2759 Usui
636 2681 800 2783 lychnuchi

69 2780 259 2856 inserviebat
269 2780 377 2852 oleum
390 2782 421 2854 id
446 2808 486 2854 ue
500 2806 632 2879 purum,
656 2782 803 2872 cuiusdi-

69 2881 185 2954 midius
201 2882 295 2977 logus
315 2808 489 2953 sufficieiat
502 2881 672 2987 unicuique
684 2877 803 2963 lychno

71 2978 266 3053 Mnaahorh.
288 3001 338 3055 rx.
355 3002 388 3078 3.
404 2976 448 3051 ita
463 2996 500 3052 ur
517 2979 620 3057 lucere
636 2977 732 3075 postet
746 2999 801 3071 per

162 3148 165 3153 .
457 3075 491 3152 C
517 3103 533 3180 3
672 3073 809 3179 noiirnr
936 3116 939 3122 -
