2084 3518
231 157 285 278 36
400 167 794 269 unuslnu

228 311 371 402 (inquo
392 331 480 379 erant
502 330 625 399 crater,
656 306 904 403 malogranatum
929 314 965 383 δι

230 403 307 491 flos)
333 406 453 501 palmos
466 407 544 476 duos
559 405 660 475 laeves
676 455 688 488 ,
713 406 963 501 malogranatum

229 505 323 571 unius
343 505 437 598 palmi
462 502 571 596 (supra
594 499 681 597 quod
703 503 851 602 utrinque
886 510 964 578 rami

228 595 415 694 surgebant)
441 601 579 694 palmum
593 600 744 685 laevem,
769 601 970 695 malogranaq

184 763 189 770 .
230 718 300 768 tum
314 701 406 768 unius
423 697 519 791 palmi
544 695 652 792 (supra
667 694 754 790 quod
764 697 816 766 alii
833 695 898 765 duo
914 724 964 768 ra.

230 795 304 882 mi)
331 797 470 891 palmum
487 793 634 878 laevem,
658 794 904 889 malogranatum
923 819 964 861 u.

128 886 132 895 ’
230 892 302 960 nius
319 893 432 984 palmi,
463 887 568 986 (supra
587 888 675 985 quod
699 891 752 960 alii
774 890 839 960 duo
859 894 959 986 tami)

229 989 350 1082 palmos
368 1012 385 1057 2
405 989 523 1072 laeves,
548 987 684 1081 denique
701 989 822 1081 palmos
838 1007 915 1073 tres,
929 989 964 1056 in

229 1082 346 1177 quibus
367 1103 453 1153 erant
477 1081 595 1177 (quod
615 1105 846 1153 ornamentum·
862 1080 964 1154 solum

229 1176 388 1248 habebant
412 1177 525 1273 reliqui
551 1187 573 1246 6
599 1182 698 1260 rami)
730 1200 860 1248 crateres
882 1199 963 1267 tres,

228 1279 347 1344 malum
372 1282 404 1345 δι
431 1274 500 1345 flos.
548 1272 676 1343 Medius
701 1275 837 1369 lychnus
848 1273 962 1347 horum

110 1432 112 1436 ,
229 1367 372 1466 septem,
392 1371 428 1441 ad
444 1396 541 1468 quem
554 1371 709 1458 ellychnia
722 1375 868 1442 omnium
884 1374 963 1442 alio·

232 1492 301 1538 tum
319 1491 405 1538 erant
427 1466 592 1552 conversa,
618 1465 821 1547 occidentalis
835 1467 963 1540 velves·

232 1566 504 1659 pcrtinusmpn
528 1577 573 1644 Ἰ]
585 1568 773 1660 appellatur,
798 1569 887 1636 &uti
900 1565 963 1637 sca·

231 1685 307 1756 pus,
333 1664 385 1731 cui
401 1661 571 1747 inlidebat,
595 1665 724 1758 reliquis
737 1666 828 1732 ramis
840 1684 964 1732 crator-

109 1782 111 1786 “
230 1760 354 1841 natior,
380 1760 422 1828 ita
439 1765 471 1828 &
488 1757 550 1853 ipse
562 1756 752 1848 ellychnium
771 1756 964 1827 lrabuilledi.

232 1849 312 1927 {itur
335 1857 519 1925 conversum
536 1854 574 1945 ad
588 1857 735 1924 Sancium
751 1856 958 1928 sinerum:

231 1957 374 2048 quamvis
391 1954 442 2021 alli
459 1975 570 2046 putent
583 1974 647 2021 non
665 1973 825 2047 propterea
841 1965 961 2044 mm

230 2047 429 2139 dilium,sed
440 2049 526 2142 quod
536 2048 574 2119 ab
585 2073 646 2119 una
657 2047 961 2144 vesperaadalteram

226 2139 350 2218 luceret
369 2147 513 2238 semper,
554 2147 627 2214 licet
657 2146 711 2215 alii
740 2147 961 2240 extingueren-

230 2263 291 2312 tur.
343 2245 396 2310 De
415 2239 471 2307 litu
489 2237 672 2334 Lychnuthi
689 2241 962 2341 inSanelodispu·

230 2359 329 2410 tatur:
355 2336 483 2431 quidam
498 2337 610 2407 volunt
626 2362 727 2407 ramos
735 2343 800 2429 ejus
808 2336 846 2407 ab
853 2345 960 2411 orien-

228 2457 259 2507 te
275 2437 312 2505 ad
336 2434 530 2502 occidentem
547 2429 705 2526 protensos
722 2430 838 2518 fullie,
862 2440 959 2535 quod

228 2529 410 2603 omniavula
424 2529 506 2599 aedis
519 2537 612 2600 iactae
627 2536 710 2617 juxta
723 2531 957 2630 longitudinem

161 2688 163 2696 ,
226 2631 340 2699 domus
363 2627 513 2696 collocata
534 2621 624 2698 fuifl'e
647 2627 680 2699 in
698 2634 785 2698 Gem.
809 2631 956 2700 Menach.

144 2782 148 2791 .
217 2728 351 2824 fol.98.
370 2750 397 2794 1.
414 2723 565 2808 tradatur,
591 2749 718 2820 excepta
730 2751 817 2795 area:
843 2726 959 2795 aliiin-

226 2848 273 2894 ter
293 2818 444 2891 Austrum
469 2828 502 2890 &
530 2823 814 2917 Septentrionem,
840 2829 885 2890 'ut
913 2824 957 2893 ita

224 2922 325 3012 aptius
340 2919 465 3012 concipi
482 2939 576 3014 queat
595 2919 734 3001 medium
744 2913 892 3011 lychnum
900 2942 958 2988 oc·

225 3014 414 3103 tielentalein
432 3011 522 3085 fuiss'e
536 3015 735 3112 appellatum.
894 3018 955 3124 lX
