2062 3510
229 200 295 306 744
407 193 670 277 rausi..
720 219 847 278 nr·

238 345 312 396 ante
334 350 457 399 nonum
480 353 540 401 nec
565 325 634 426 post
660 327 865 400 undecimum
883 326 968 399 diem

236 422 423 497 aconione.
450 428 587 497 Erachin.
612 424 797 500 11.2.Gem.‘
810 427 969 520 Pesachim.
1003 475 1005 479 -

235 545 295 616 47.
315 543 344 590 1·
372 522 447 601 Una
455 523 618 596 cumhisce
629 522 761 620 panibus
775 523 895 591 mensae
906 527 969 594 im·

236 616 521 711 ponebanturduae
531 647 649 694 acerrae
658 620 773 703 thuris,
796 644 872 713 quas
882 646 967 690 non-

117 785 120 809 Ι
235 714 316 785 nulli
334 713 424 811 super
444 721 592 815 geminos
615 742 725 790 eorum
746 716 887 800 ordines,
913 718 968 786 alii

235 811 433 884 verisimilius
448 818 530 887 inter
546 818 619 886 illos
642 817 676 886 in
700 808 762 907 ipsa
779 809 883 883 mensa
899 815 968 884 col-

235 907 349 979 locatas
363 905 454 982 fuisst
479 911 675 986 arbitrantur.

87 1014 115 1080 §-
126 1011 204 1069 le·
284 1009 395 1076 XVI.
421 1011 502 1079 Non
519 1008 647 1096 desunt,
671 1009 726 1103 qui
743 1032 805 1079 una
822 1032 894 1078 cum
911 1031 969 1103 pa-

65 1084 207 1222 3532·
235 1099 330 1172 nibus
361 1103 485 1175 mensae
517 1105 611 1176 sacrae
643 1101 785 1198 imposrta
817 1102 966 1176 libamina
995 1104 998 1110 ’

63 1227 205 1305 ,iffi-ff
234 1195 434 1286 existiment,
463 1201 964 1298 1.quodExod.37:16.&alibi
1024 1237 1028 1243 ·

62 1301 119 1396 9'9
233 1291 301 1367 vasa
311 1297 456 1393 imposita
472 1297 594 1369 mensae
602 1300 766 1396 legantur,
789 1307 861 1405 '10³
875 1312 965 1381 W&

232 1403 336 1484 nm,
359 1393 392 1466 id
407 1392 470 1481 est,
487 1399 533 1466 uti
544 1397 594 1466 illi
605 1395 738 1466 reddunt
745 1446 756 1480 ,
781 1393 966 1492 quibuslibe-

227 1510 300 1580 Μ,
342 1503 368 1563 ἂν
404 1501 444 1571 οἷς
473 1503 612 1566 rarescere.
653 1519 685 1566 2.
704 1493 791 1588 quod
820 1501 966 1566 σπονδεῖα

226 1610 406 1661 memorent
438 1592 473 1662 in
505 1588 611 1664 mensa
646 1589 738 1662 fuisse
769 1594 961 1688 Interpretes

100 1750 102 1755 ,
227 1686 457 1774 Alexandrini,
482 1686 598 1776 Philo,
623 1685 787 1782 josephus.
816 1712 848 1782 3.
873 1688 961 1782 quod

144 1814 148 1833 ·
226 1779 318 1856 settis
333 1783 715 1881 libaminajungisoleant.
738 1785 962 1881 40quiaExod.

233 1904 290 1972 30:
306 1906 341 1975 9.
359 1880 399 1953 de
415 1884 501 1954 altari
517 1879 635 1954 suffitus
648 1881 809 1980 speciatim
836 1880 966 1951 manda·

229 2000 304 2065 tur,
338 1978 429 2076 super
452 2003 493 2049 eo
517 1980 678 2051 libandum
695 2003 761 2049 non
782 1978 850 2049 esse.
902 1980 964 2050 Sed

227 2074 330 2147 obstat
344 2074 421 2147 haec
439 2074 589 2149 sententia
601 2075 754 2148 constanti
767 2075 960 2167 Judaeoruru

225 2173 403 2258 traditioni,
429 2197 489 2243 nec
506 2175 605 2245 ullum
619 2177 654 2245 in
669 2181 762 2245 Sacro
773 2173 895 2243 Codice
905 2169 963 2245 ha·

226 2269 282 2341 bet
297 2268 553 2355 firmamentum,
577 2272 721 2367 ipsaeque
738 2271 807 2340 illae
829 2272 964 2342 rationes

226 2385 362 2465 quatuor
382 2362 469 2435 istius
491 2365 638 2462 ponderis
656 2392 723 2438 non
738 2367 902 2452 videntur,
927 2388 962 2439 ut

226 2491 285 2537 nos
296 2463 462 2559 cogantilli
470 2465 615 2558 opinioni
625 2462 829 2537 subscribere:
846 2489 917 2534 nam
930 2489 959 2534 r.

227 2563 304 2634 iliud
322 2571 394 2669 *10*
410 2559 568 2632 reddimus
580 2582 708 2664 tegetur:
733 2586 792 2633 nec
806 2557 851 2631 est
872 2559 959 2654 quod

226 2657 339 2728 obstet.
367 2681 421 2728 11.
441 2663 585 2749 ercidetur
599 2663 679 2731 male
697 2659 959 2733 reddideruntsn·

225 2776 375 2847 terpretes
404 2756 550 2842 Graeci,
580 2783 661 2854 quos
676 2746 779 2830 ‘Philo
801 2753 958 2848 sequiturr'
1013 2779 1015 2784 ·

225 2848 401 2947 quibusque
418 2873 453 2922 ut
470 2855 503 2922 in
522 2858 670 2952 Aegypto
684 2850 861 2955 viventibus
881 2846 956 2918 baec

226 2950 406 3046 ignorantia
445 2952 562 3024 rituum
597 2949 958 3045 Hierosolymitanorutn

894 3066 958 3143 r0·.
