2062 3510
173 205 259 304 :86‘
352 211 745 299 preston

179 347 299 437 (quam
316 347 369 416 alii
385 333 705 417 l'ecundumtieterem
717 341 915 414 traditionem

178 439 371 536 Judaeotum
388 444 468 514 inter
481 445 595 512 atrium
603 441 772 513 mulierum
781 451 813 512 δι
822 447 920 512 lirae-

175 543 329 626 litatum,
354 543 406 611 alii
421 544 502 630 inter
521 537 653 635 spatium
675 541 864 608 antemurale
881 546 916 608 dc
941 588 942 591 ,

77 698 79 700 ,
180 639 294 706 atrium
334 639 501 708 mulierum
533 638 717 720 collocant)
751 659 919 731 quumque

181 736 311 805 Atrium
327 733 550 819 Israelitarum,
576 735 664 830 quod
679 727 920 802 maximumellc
961 757 963 763 ·

175 854 361 926 oporteret,
385 834 503 930 exiguo
513 833 579 904 latis
587 832 684 928 spatio
700 828 847 900 undecim
859 854 920 898 ru-

181 927 323 1001 birorum
351 934 384 1000 in
406 933 619 1007 latitudine&
642 951 704 1025 135
724 930 758 997 in
775 927 918 1022 longitu-

180 1024 257 1096 dine
273 1027 313 1095 ab
338 1029 375 1095 iis
389 1026 572 1109 deliniatut3
605 1035 639 1096 δι
657 1028 788 1096 Atrium
803 1024 919 1093 multe-

180 1146 251 1194 rum
270 1145 421 1219 maguum
439 1122 698 1216 nimisfingatur,
722 1122 919 1192 scilicetlon·

181 1225 260 1385 {nm
282 1239 336 1312 135
366 1217 489 1287 cubitos
514 1226 547 1286 ἃ
570 1220 703 1288 totidem
718 1222 837 1302 latum,
868 1243 920 1288 re-

196 1314 288 1406 prdru
312 1318 417 1412 exigui
446 1319 516 1385 ulus
540 1341 637 1411 quem
658 1314 772 1387 habete
796 1319 917 1410 potuit3

182 1417 216 1481 dr
241 1409 326 1481 idem
351 1411 451 1507 podio
471 1435 628 1502 ornetur,
662 1414 746 1485 unde
772 1413 918 1484 mulieres

183 1504 407 1602 prospicerent.
455 1509 612 1604 lideoque
628 1510 821 1594 existimant,
846 1512 919 1580 licet

182 1601 346 1699 {judaeis
362 1607 506 1676 recedant
535 1610 545 1678 l
554 1629 634 1703 quos
651 1632 737 1689 cerro
761 1633 828 1678 non
844 1607 920 1676 scire

121 1733 123 1740 ·
185 1700 320 1796 plurima
334 1705 372 1780 ad
387 1709 418 1774 T
421 1704 516 1800 templi
532 1704 922 1799 del'criptionemlpeftan·

185 1799 228 1871 tia
243 1799 381 1872 diuersae
395 1807 428 1872 in
447 1802 651 1900 quaaalteunt
668 1803 835 1871 sententiae
851 1796 919 1869 sae·

184 1917 224 1992 pe
241 1897 411 1972 ostendunt
419 1911 434 1984 l
459 1901 563 1970 senon
579 1900 657 1968 male
673 1898 834 1967 conlulete
845 1920 923 1991 pto·

232 1999 329 2068 trioni
344 2002 441 2072 totius
460 1993 596 2088 aedificii
618 2004 650 2066 δι
668 2017 791 2066 naturae
808 1997 872 2078 tei,
897 1993 919 2066 st

186 2015 340 2178 illituum,
366 2099 423 2166 tria
441 2094 569 2191 quidem
581 2095 673 2178 atria,
699 2089 922 2186 sivespatiadi-

185 2181 311 2268 llinela,
328 2189 437 2276 inille,
462 2188 513 2258 sed
528 2213 595 2257 non
608 2190 797 2259 intermedio
813 2213 920 2258 muro·

184 2285 241 2373 qui
261 2283 466 2379 conlpedlum
478 2286 562 2354 aedis
574 2289 722 2356 Sacrae&
740 2289 839 2357 altaris
848 2274 924 2354 im-’

187 2380 335 2470 pediret,
360 2384 473 2466 diutia,
499 2389 532 2451 δι
553 2389 678 2451 Portam
692 2387 867 2455 Nicanoris
883 2381 922 2452 ad

186 2478 342 2547 orientem
359 2484 465 2580 magni
483 2476 573 2569 hujus
588 2480 672 2559 atrii,
696 2482 921 2575 cujuslpatium

162 2635 164 2642 ,
185 2593 361 2644 extremum
385 2585 422 2646 ad
446 2580 600 2646 orientem
622 2579 735 2646 attium
754 2579 922 2647 mulierum

184 2671 373 2760 appellatur,
392 2672 616 2742 collocandam.
666 2681 776 2771 Atque
788 2678 831 2743 ita
847 2677 925 2768 qui·

184 2760 256 2836 dem
276 2817 286 2846 ,
326 2765 370 2835 uti
389 2773 421 2838 in
439 2769 583 2860 Templo
601 2772 704 2864 primo
722 2824 731 2855 ,
765 2775 807 2839 ita
827 2773 859 2839 in
873 2768 924 2840 se-

183 2862 290 2925 cundo
309 2866 396 2932 Atria
414 2867 478 2936 duo
494 2890 551 2961 pto
574 2866 617 2934 rie
646 2867 853 2959 concipienda
876 2866 924 2938 es·

180 2949 258 3026 seur.
284 2959 310 3026 Ι.
325 2964 460 3033 Interius
473 2963 535 3037 live
545 2890 758 3035 lucardotum.
788 2966 829 3029 11.
853 2963 924 3033 Ett-

199 3111 202 3116 -
242 3117 244 3122 .
800 3061 920 3150 terius,
