2084 3518
175 193 797 298 Locresnonne‘ss

68 302 318 416 &proportione
329 301 588 410 Architeesoniea
603 323 803 394 meliuseon·
894 337 896 342 ·

70 417 177 502 Venit,
201 444 296 515 quam
306 419 428 521 fingere
437 419 806 494 columnasadoeeiden·

72 537 137 584 tem
152 515 301 614 longiora
316 520 345 591 se
356 517 469 592 diffitas
481 517 628 616 quemad
641 516 805 589 meridiem

71 613 375 706 &septentrionem
447 642 449 646 ’

118 715 156 778 11
169 715 195 777 Ι·
232 716 343 810 Atque
359 717 402 788 ita
418 712 548 814 quidem
566 766 577 798 ‚
610 708 667 780 ubi
691 708 806 806 viginti
815 698 972 846 {321⁶ng

71 808 265 896 columnae,
290 813 368 882 latus
386 810 598 883 meridionale
617 804 808 900 composrtu·

70 929 141 982 rae,
171 901 261 974 fuere
277 906 447 980 exstrneeae
463 959 474 994 ‚
499 903 648 1002 vigesrma
662 904 760 996 prima
774 903 808 973 in

59 999 183 1071 eadem
209 998 285 1072 serie
305 1001 467 1077 reserenda
482 1001 534 1075 est
562 1003 612 1074 ad·
625 999 735 1073 seriem
760 997 811 1068 se-

71 1120 226 1192 quentem
245 1108 333 1191 cujus
349 1105 447 1196 prima
462 1097 530 1186 este
554 1103 605 1171 cui
618 1123 736 1170 novem
753 1095 810 1166 ad-

72 1193 154 1265 ditae
171 1220 188 1266 a
202 1197 293 1267 latere
310 1200 379 1270 atrii
402 1201 590 1272 occidentali
613 1199 724 1270 decem
741 1189 812 1265 effi-

74 1293 175 1362 ciunt.
226 1293 408 1367 Undecima
427 1318 530 1368 autem
554 1298 587 1366 in
603 1293 713 1366 eadem
731 1289 809 1363 serie

72 1391 187 1460 iterum
204 1389 242 1460 ad
259 1393 336 1464 latus
354 1392 486 1490 sequens
495 1391 605 1464 referri
621 1390 734 1479 debet,
750 1412 808 1458 cu·

69 1490 120 1573 jus
135 1490 236 1575 prima
255 1487 317 1572 est3
342 1497 374 1559 &
394 1493 439 1561 illi
457 1490 668 1562 novendecim
684 1487 806 1558 additae

59 1575 196 1651 -faeiunt
221 1606 263 1653 20
287 1587 447 1659 columnas
472 1590 573 1659 lateris
595 1584 697 1677 hujus.
742 1583 805 1655 Sed

57 1677 222 1773 -vigefima
234 1683 333 1778 prima
346 1685 383 1754 ad
397 1686 474 1758 satus
490 1685 642 1756 orientale
656 1679 806 1754 referatur

72 1796 218 1869 oportet,
242 1780 331 1875 quod
354 1779 464 1853 decem
489 1783 651 1852 columnas
669 1778 804 1850 habebat

73 1881 227 1969 (quarum
243 1897 350 1957 tamen
373 1904 435 1950 una
451 1879 606 1974 angularis
625 1877 687 1973 sne
703 1897 807 1945 extre·

74 1994 125 2040 ma
136 1972 170 2039 in
186 1967 393 2065 descriptione
408 1975 510 2042 lateris
523 1972 736 2046 meridionalis
750 1993 809 2038 cu·

73 2072 121 2151 jus
142 2089 262 2162 partem
288 2065 366 2140 facit
381 2075 444 2155 jam
469 2068 616 2139 recensrta
635 2065 724 2152 fuit,
755 2065 809 2137 sed

73 2169 107 2232 &
122 2161 183 2233 hue
200 2189 301 2260 aeque
319 2161 428 2236 referri
443 2161 565 2264 potest)
591 2188 651 2237 tres
670 2163 748 2236 ¹hinc
769 2170 812 2234 &1

74 2280 134 2329 tres
150 2262 245 2347 inde,
270 2263 391 2360 aequali
406 2262 569 2334 intervallo
588 2289 661 2335 eum
676 2264 805 2359 reliquis

75 2359 173 2426 totius
188 2362 256 2430 atrii
273 2361 430 2432 distantes.
454 2367 567 2456 Qum
582 2386 658 2433 veto
673 2359 807 2457 spatium

78 2478 123 2522 20
143 2452 319 2527 cubitorum
333 2460 366 2527 in
390 2457 482 2545 hujus
508 2457 606 2528 lateris
626 2459 734 2529 medio
750 2457 809 2527 de·

76 2548 224 2621 stinatum
241 2576 346 2645 portae
371 2550 467 2628 fuerit
481 2561 516 2625 δι
536 2556 609 2624 velo
625 2552 807 2628 distinetum

77 2673 115 2721 ex
139 2672 164 2742 4
190 2647 344 2718 columnis
367 2648 537 2749 suspenso,
563 2675 630 2721 non
651 2675 730 2746 opus
761 2647 807 2721 est

76 2745 239 2814 columnas
252 2768 379 2840 portae,
403 2756 437 2820 δι
452 2745 538 2847 quast
561 2746 683 2846 postes,
707 2771 806 2846 prope

78 2849 270 2938 conjungere
287 2848 321 2914 &
337 2840 401 2914 fere
418 2868 576 2941 apponere
592 2849 742 2942 proximis
751 2875 809 2919 co·
898 2884 900 2887 ·

79 2936 195 3012 sumn-is
212 2965 230 3012 e
248 2938 347 3013 tribus
359 2942 420 3015 illis
435 2940 534 3014 modo
551 2947 742 3034 memoratis,
756 2943 808 3018 sed

472 3040 544 3136 B5
755 3041 812 3113 m.
